<record><leader>00000cas a22000007a 4500</leader><controlfield tag="001">22145863</controlfield><controlfield tag="008">900726d18881918maudn ne      0    0eng d</controlfield><datafield ind1=" " ind2=" " tag="010"><subfield code="a">sn 89062410 </subfield></datafield><datafield ind1=" " ind2=" " tag="040"><subfield code="a">MGN</subfield><subfield code="b">eng</subfield><subfield code="c">MGN</subfield><subfield code="d">OCLCQ</subfield></datafield><datafield ind1=" " ind2=" " tag="042"><subfield code="a">msc</subfield></datafield><datafield ind1="0" ind2=" " tag="130"><subfield code="a">Milford daily journal (Milford, Mass. :1888)</subfield></datafield><datafield ind1="1" ind2="0" tag="245"><subfield code="a">Milford daily journal.</subfield></datafield><datafield ind1="3" ind2="0" tag="246"><subfield code="a">New Milford daily journal</subfield></datafield><datafield ind1=" " ind2=" " tag="260"><subfield code="a">Milford, Mass. :</subfield><subfield code="b">Cook &amp; Sons</subfield></datafield><datafield ind1=" " ind2=" " tag="300"><subfield code="a">v.</subfield></datafield><datafield ind1=" " ind2=" " tag="310"><subfield code="a">Daily (except Sun.)</subfield></datafield><datafield ind1="1" ind2=" " tag="362"><subfield code="a">Began Oct. 22, 1888.</subfield></datafield><datafield ind1="0" ind2=" " tag="362"><subfield code="a">-v. 59, no. 8492 (July 17, 1918).</subfield></datafield><datafield ind1=" " ind2=" " tag="500"><subfield code="a">Published as: The new Milford daily journal, Nov. 16, 1914-&lt;Apr. 21, 1915&gt;</subfield></datafield><datafield ind1=" " ind2=" " tag="588"><subfield code="a">Description based on: Vol. 28, no. 4180 (June 5, 1902).</subfield></datafield><datafield ind1=" " ind2=" " tag="752"><subfield code="a">United States</subfield><subfield code="b">Massachusetts</subfield><subfield code="c">Worcester</subfield><subfield code="d">Milford.</subfield></datafield><datafield ind1="0" ind2="0" tag="780"><subfield code="t">Milford journal</subfield><subfield code="w">(DLC)sn 83020568</subfield></datafield><datafield ind1="0" ind2="7" tag="785"><subfield code="t">Milford daily news (Milford, Mass. : 1887)</subfield></datafield><datafield ind1="0" ind2="7" tag="785"><subfield code="t">Milford daily news and Milford daily journal</subfield><subfield code="w">(DLC)sn 89062408</subfield></datafield><datafield ind1="1" ind2=" " tag="029"><subfield code="a">AU@</subfield><subfield code="b">000025851105</subfield></datafield></record>